<?xml version="1.0" encoding="UTF-8"?>
<record xmlns="http://www.loc.gov/MARC21/slim" xmlns:xsi="http://www.w3.org/2001/XMLSchema-instance" xsi:schemaLocation="http://www.loc.gov/MARC21/slim http://www.loc.gov/standards/marcxml/schema/MARC21slim.xsd">
<leader>00000cam a22      a 4500</leader>
<controlfield tag="001">002957519</controlfield>
<controlfield tag="003">NNU</controlfield>
<controlfield tag="005">20150714163943.0</controlfield>
<controlfield tag="008">890109s1944    le            000 0 ara d</controlfield>
<datafield tag="035" ind1=" " ind2=" ">
<subfield code="a">(OCoLC)79326847</subfield>
</datafield>
<datafield tag="040" ind1=" " ind2=" ">
<subfield code="a">NNU</subfield>
<subfield code="b">eng</subfield>
<subfield code="c">ZYU</subfield>
<subfield code="d">OCLCG</subfield>
<subfield code="d">OCLCF</subfield>
<subfield code="d">OCLCO</subfield>
<subfield code="d">OCLCQ</subfield>
<subfield code="d">NNU</subfield>
</datafield>
<datafield tag="041" ind1="1" ind2=" ">
<subfield code="a">ara</subfield>
<subfield code="h">lat</subfield>
</datafield>
<datafield tag="050" ind1=" " ind2="4">
<subfield code="a">BV4828</subfield>
<subfield code="b">.A7 1944</subfield>
</datafield>
<datafield tag="130" ind1="0" ind2=" ">
<subfield code="a">Imitatio Christi.</subfield>
<subfield code="l">Arabic.</subfield>
</datafield>
<datafield tag="245" ind1="1" ind2="0">
<subfield code="6">880-01</subfield>
<subfield code="a">Kitāb al-iqtidāʼ bi-al-Masīḥ /</subfield>
<subfield code="c">tarjamat al-Rābitah al-Kahnūtīyah.</subfield>
</datafield>
<datafield tag="260" ind1=" " ind2=" ">
<subfield code="6">880-02</subfield>
<subfield code="a">Bayrūt :</subfield>
<subfield code="b">Manshūrāt al-Ādāb al-Sharqīyah,</subfield>
<subfield code="c">1944.</subfield>
</datafield>
<datafield tag="300" ind1=" " ind2=" ">
<subfield code="a">370, 6 pages ;</subfield>
<subfield code="c">15 cm.</subfield>
</datafield>
<datafield tag="336" ind1=" " ind2=" ">
<subfield code="a">text</subfield>
<subfield code="b">txt</subfield>
<subfield code="2">rdacontent</subfield>
</datafield>
<datafield tag="337" ind1=" " ind2=" ">
<subfield code="a">unmediated</subfield>
<subfield code="b">n</subfield>
<subfield code="2">rdamedia</subfield>
</datafield>
<datafield tag="338" ind1=" " ind2=" ">
<subfield code="a">volume</subfield>
<subfield code="b">nc</subfield>
<subfield code="2">rdacarrier</subfield>
</datafield>
<datafield tag="490" ind1="1" ind2=" ">
<subfield code="6">880-03</subfield>
<subfield code="a">Qūt al-arwāḥ ;</subfield>
<subfield code="v">1</subfield>
</datafield>
<datafield tag="650" ind1=" " ind2="0">
<subfield code="a">Meditations.</subfield>
</datafield>
<datafield tag="650" ind1=" " ind2="7">
<subfield code="a">Meditations.</subfield>
<subfield code="2">fast</subfield>
<subfield code="0">(OCoLC)fst01015445</subfield>
</datafield>
<datafield tag="700" ind1="0" ind2=" ">
<subfield code="a">Thomas,</subfield>
<subfield code="c">à Kempis,</subfield>
<subfield code="d">1380-1471.</subfield>
</datafield>
<datafield tag="880" ind1="1" ind2="0">
<subfield code="6">245-01/</subfield>
<subfield code="a">كتاب الاقتداء بالمسيح /</subfield>
<subfield code="c">ترجمة الرابطة الكهنوتية.</subfield>
</datafield>
<datafield tag="880" ind1=" " ind2=" ">
<subfield code="6">260-02/</subfield>
<subfield code="a">بيروت :</subfield>
<subfield code="b">منشورات الاداب الشرقية،</subfield>
<subfield code="c">1944.</subfield>
</datafield>
<datafield tag="880" ind1="1" ind2=" ">
<subfield code="6">490-03/</subfield>
<subfield code="a">قوت الارواح ؛</subfield>
<subfield code="v">1</subfield>
</datafield>
<datafield tag="830" ind1=" " ind2="0">
<subfield code="6">880-04</subfield>
<subfield code="a">Qūt al-arwāḥ ;</subfield>
<subfield code="v">1.</subfield>
</datafield>
<datafield tag="880" ind1=" " ind2="0">
<subfield code="6">830-04/</subfield>
<subfield code="a">قوت الارواح ؛</subfield>
<subfield code="v">1.</subfield>
</datafield>
<datafield tag="OWN" ind1=" " ind2=" ">
<subfield code="a">GENERAL</subfield>
</datafield>
<datafield tag="AVA" ind1=" " ind2=" ">
<subfield code="a">NYU50</subfield>
<subfield code="b">BOBST</subfield>
<subfield code="c">Main Collection</subfield>
<subfield code="d">BV4828 .A7 1944</subfield>
<subfield code="e">unavailable</subfield>
<subfield code="t">Unavailable</subfield>
<subfield code="f">1</subfield>
<subfield code="g">1</subfield>
<subfield code="h">N</subfield>
<subfield code="i">0</subfield>
<subfield code="j">MAIN</subfield>
<subfield code="k">0</subfield>
</datafield>
</record>
